@article{Bromley2018,
    title = {Interstadial Rise and Younger Dryas Demise of Scotland's Last Ice Fields},
    volume = {33},
    ISSN = {2572-4525},
    url = {http://dx.doi.org/10.1002/2018PA003341},
    DOI = {10.1002/2018pa003341},
    number = {4},
    journal = {Paleoceanography and Paleoclimatology},
    publisher = {American Geophysical Union (AGU)},
    author = {Bromley,  G. and Putnam,  A. and Borns,  H. and Lowell,  T. and Sandford,  T. and Barrell,  D.},
    year = {2018},
    month = apr,
    pages = {412–429}
}

@misc{corrente,
author = {Mar Sem Fim},
title = {Corrente do Golfo atinge nivel mais fraco em mil anos},
url = {https://marsemfim.com.br/corrente-do-golfo-atinge-nivel-mais-fraco-em-mil-anos/},
year = {2023},
note = {(Accessed on 01/02/2024)}
}

@article{Dong2019,
    title = {Slow Down of the Gulf Stream during 1993–2016},
    volume = {9},
    ISSN = {2045-2322},
    url = {http://dx.doi.org/10.1038/s41598-019-42820-8},
    DOI = {10.1038/s41598-019-42820-8},
    number = {1},
    journal = {Scientific Reports},
    publisher = {Springer Science and Business Media LLC},
    author = {Dong,  Shenfu and Baringer,  Molly O. and Goni,  Gustavo J.},
    year = {2019},
    month = apr 
}

@article{Cheng2019,
    title = {2018 Continues Record Global Ocean Warming},
    volume = {36},
    ISSN = {1861-9533},
    url = {http://dx.doi.org/10.1007/s00376-019-8276-x},
    DOI = {10.1007/s00376-019-8276-x},
    number = {3},
    journal = {Advances in Atmospheric Sciences},
    publisher = {Springer Science and Business Media LLC},
    author = {Cheng,  Lijing and Zhu,  Jiang and Abraham,  John and Trenberth,  Kevin E. and Fasullo,  John T. and Zhang,  Bin and Yu,  Fujiang and Wan,  Liying and Chen,  Xingrong and Song,  Xiangzhou},
    year = {2019},
    month = jan,
    pages = {249–252}
}

@misc{iof0201_gulf_stream_2024,
    author = {thiagodsd},
    title = {Data Preparation for Gulf Stream Analysis - IOF0201 Course Project},
    year = {2024},
    howpublished = {GitHub repository},
    url = {https://github.com/thiagodsd/iof0201-gulf-stream/tree/feature/data_preparation},
    note = {Preparation and analysis of data for studying the Gulf Stream as part of the IOF0201 course project.},
    license = {MIT License}
}

@misc{noaa_ncei_world_ocean_db_2024,
    author = {{National Centers for Environmental Information (NCEI)}},
    title = {NOAA National Centers for Environmental Information World Ocean Database},
    year = {2024},
    howpublished = {Online Data Access},
    url = {https://www.ncei.noaa.gov/access/world-ocean-database-select/dbsearch.html},
    note = {Accessed data for oceanographic research and analysis.},
}


@misc{berkeley_earth_surface_temp_2024,
    author = {{Berkeley Earth}},
    title = {Climate Change: Earth Surface Temperature Data},
    year = {2024},
    howpublished = {Kaggle Dataset},
    url = {https://www.kaggle.com/datasets/berkeleyearth/climate-change-earth-surface-temperature-data},
    note = {Dataset for analysis of global temperatures and climate change.},
}
